
@book{jurafsky2024slp3,
  title={Speech and Language Processing},
  author={Jurafsky, Daniel and Martin, James H.},
  year={2024},
  note={Draft of 3rd Edition, Sections 4.9, 5.3, 5.8},
  url={https://web.stanford.edu/~jurafsky/slp3/}
}

@article{rosenblatt1958perceptron,
  title={The perceptron: a probabilistic model...},
  ...
}

@inproceedings{cotterell2018unimorph,
  title={The UniMorph 2.0 Project: Universal Morphological Inflection Across Languages},
  author={Cotterell, Ryan and Kirov, Christo and Sylak-Glassman, John and Yarowsky, David and Eisner, Jason and Hulden, Mans},
  booktitle={Proceedings of LREC 2018},
  year={2018}
}

@inproceedings{collins2002perceptron,
  title={Discriminative training methods for hidden Markov models: Theory and experiments with perceptron algorithms},
  author={Collins, Michael},
  booktitle={EMNLP 2002},
  year={2002}
}

@book{goldberg2017nn,
  title={Neural Network Methods for Natural Language Processing},
  author={Goldberg, Yoav},
  publisher={Morgan \& Claypool Publishers},
  year={2017}
}

@inproceedings{dredze2008confidence,
  title={Confidence-weighted linear classification},
  author={Dredze, Mark and Crammer, Koby and Pereira, Fernando},
  booktitle={Proceedings of the 25th international conference on Machine learning (ICML)},
  year={2008}
}

@inproceedings{cho2014rnn,
  title={Learning Phrase Representations using RNN Encoder--Decoder for Statistical Machine Translation},
  author={Cho, Kyunghyun and van Merri{"e}nboer, Bart and Gulcehre, Caglar and Bahdanau, Dzmitry and Bougares, Fethi and Schwenk, Holger and Bengio, Yoshua},
  booktitle={EMNLP 2014},
  year={2014}
}

@book{efron1994bootstrap,
  title={An Introduction to the Bootstrap},
  author={Efron, Bradley and Tibshirani, Robert J.},
  publisher={Chapman and Hall},
  year={1994}
}

@misc{saman2026code,
  author = {Saman Rahimi},
  title = {Code for Perceptron and Multinomial Logistic Regression used in morphological classification experiments},
  year = {2026},
  note = {Available at: \url{https://github.com/samanrh/morph-feature-classifier.git}}
}
